
  
  
  
  
  
  
  
  
 
  
  <record xsi:schemaLocation="http://www.loc.gov/MARC21/slim http://www.loc.gov/standards/marcxml/schema/MARC21slim.xsd">
      <leader>00000cam a2200553 i 4500</leader>
      <controlfield tag="FMT">BK</controlfield>
      <controlfield tag="LDR">00000cam a2200553 i 4500</controlfield>
      <controlfield tag="001">004430407</controlfield>
      <controlfield tag="003">OCoLC</controlfield>
      <controlfield tag="005">20160914154407.0</controlfield>
      <controlfield tag="008">160906s2015    gw b     b    000 0 ger c</controlfield>
      <datafield tag="010" ind1=" " ind2=" ">
         <subfield code="a">2015512160</subfield>
      </datafield>
      <datafield tag="016" ind1="7" ind2=" ">
         <subfield code="a">1072402874</subfield>
         <subfield code="2">DE-101</subfield>
      </datafield>
      <datafield tag="020" ind1=" " ind2=" ">
         <subfield code="a">9783447104456</subfield>
         <subfield code="q">(pbk.)</subfield>
      </datafield>
      <datafield tag="020" ind1=" " ind2=" ">
         <subfield code="a">3447104457</subfield>
         <subfield code="q">(pbk.)</subfield>
      </datafield>
      <datafield tag="024" ind1="3" ind2=" ">
         <subfield code="a">9783447104456</subfield>
      </datafield>
      <datafield tag="035" ind1=" " ind2=" ">
         <subfield code="a">(OCoLC)918796026</subfield>
      </datafield>
      <datafield tag="040" ind1=" " ind2=" ">
         <subfield code="a">OHX</subfield>
         <subfield code="b">eng</subfield>
         <subfield code="e">rda</subfield>
         <subfield code="c">OHX</subfield>
         <subfield code="d">DLC</subfield>
         <subfield code="d">EYM</subfield>
         <subfield code="d">YDXCP</subfield>
         <subfield code="d">BTCTA</subfield>
         <subfield code="d">OCLCF</subfield>
         <subfield code="d">ZCU</subfield>
         <subfield code="d">COO</subfield>
         <subfield code="d">CGU</subfield>
         <subfield code="d">S3O</subfield>
         <subfield code="d">OCLCQ</subfield>
      </datafield>
      <datafield tag="042" ind1=" " ind2=" ">
         <subfield code="a">pcc</subfield>
      </datafield>
      <datafield tag="043" ind1=" " ind2=" ">
         <subfield code="a">f-ua---</subfield>
      </datafield>
      <datafield tag="050" ind1="0" ind2="0">
         <subfield code="a">BR1380</subfield>
         <subfield code="b">.C484 2015</subfield>
      </datafield>
      <datafield tag="072" ind1=" " ind2="7">
         <subfield code="a">BX</subfield>
         <subfield code="2">lcco</subfield>
      </datafield>
      <datafield tag="082" ind1="0" ind2="4">
         <subfield code="a">281.72</subfield>
         <subfield code="2">23/swe</subfield>
      </datafield>
      <datafield tag="245" ind1="0" ind2="0">
         <subfield code="a">Christen in Ägypten /</subfield>
         <subfield code="c">herausgegeben von Heike Behlmer und Martin Tamcke.</subfield>
      </datafield>
      <datafield tag="264" ind1=" " ind2="1">
         <subfield code="a">Wiesbaden :</subfield>
         <subfield code="b">Harrassowitz Verlag,</subfield>
         <subfield code="c">2015.</subfield>
      </datafield>
      <datafield tag="300" ind1=" " ind2=" ">
         <subfield code="a">172 pages :</subfield>
         <subfield code="b">map ;</subfield>
         <subfield code="c">24 cm.</subfield>
      </datafield>
      <datafield tag="336" ind1=" " ind2=" ">
         <subfield code="a">text</subfield>
         <subfield code="b">txt</subfield>
         <subfield code="2">rdacontent</subfield>
      </datafield>
      <datafield tag="337" ind1=" " ind2=" ">
         <subfield code="a">unmediated</subfield>
         <subfield code="b">n</subfield>
         <subfield code="2">rdamedia</subfield>
      </datafield>
      <datafield tag="338" ind1=" " ind2=" ">
         <subfield code="a">volume</subfield>
         <subfield code="b">nc</subfield>
         <subfield code="2">rdacarrier</subfield>
      </datafield>
      <datafield tag="490" ind1="1" ind2=" ">
         <subfield code="a">Göttinger Orientforschungen. IV. Reihe, Ägypten,</subfield>
         <subfield code="x">0340-6342 ;</subfield>
         <subfield code="v">Band 60</subfield>
      </datafield>
      <datafield tag="500" ind1=" " ind2=" ">
         <subfield code="a">Based on cycle of lectures delivered at the Universität Göttingen.</subfield>
      </datafield>
      <datafield tag="504" ind1=" " ind2=" ">
         <subfield code="a">Includes bibliographical references.</subfield>
      </datafield>
      <datafield tag="505" ind1="0" ind2="0">
         <subfield code="t">Athanasius von Alexandrien: Bischof, theologe, Kirchenpolitiker /</subfield>
         <subfield code="r">Peter Gemeinhardt --</subfield>
         <subfield code="t">Vom mönchischen Leben: Entwicklungslinien des Mönchtums in Ägypten /</subfield>
         <subfield code="r">Siegfried Richter --</subfield>
         <subfield code="t">Heilige Frauen im ägyptischen Christentum /</subfield>
         <subfield code="r">Heike Behlmer --</subfield>
         <subfield code="t">Netzwerke der Mönche: Koptische Klöster als intellektuelle Zentren in islamischer Zeit /</subfield>
         <subfield code="r">Ute Pietruschka --</subfield>
         <subfield code="t">Missionsarbeit in Ägypten: Evangelistische strategien und reaktionen der Missionierten (1900-1956) /</subfield>
         <subfield code="r">Samir Boulos --</subfield>
         <subfield code="t">Konstantinos Petrou Kavafis und die Griechen in Ägypten /</subfield>
         <subfield code="r">Martin Tamcke --</subfield>
         <subfield code="t">Zündstoff für Konflikte: der Bau von Kirchen und Moscheen in Ägypten /</subfield>
         <subfield code="r">Wolfram Reiss --</subfield>
         <subfield code="t">Albert Cossery und der Arabische Frühling /</subfield>
         <subfield code="r">Martin Tamcke --</subfield>
         <subfield code="t">Die Koptish-katholische Kirche: Kurze Geschichte einer kleinen Kirche /</subfield>
         <subfield code="r">Harald Suermann --</subfield>
         <subfield code="t">Neuer Papst mit neuen Perspektiven? Tawadros II. un der Beitrag der Koptisch-Orthodoxen Kirche zur Ökumene /</subfield>
         <subfield code="r">Dietmar W. Winkler.</subfield>
      </datafield>
      <datafield tag="651" ind1=" " ind2="0">
         <subfield code="a">Egypt</subfield>
         <subfield code="x">Church history.</subfield>
      </datafield>
      <datafield tag="650" ind1=" " ind2="0">
         <subfield code="a">Christians</subfield>
         <subfield code="z">Egypt</subfield>
         <subfield code="x">History.</subfield>
      </datafield>
      <datafield tag="700" ind1="1" ind2=" ">
         <subfield code="a">Behlmer, Heike,</subfield>
         <subfield code="e">editor.</subfield>
      </datafield>
      <datafield tag="700" ind1="1" ind2=" ">
         <subfield code="a">Tamcke, Martin,</subfield>
         <subfield code="d">1955-</subfield>
         <subfield code="e">editor.</subfield>
      </datafield>
      <datafield tag="830" ind1=" " ind2="0">
         <subfield code="a">Göttinger Orientforschungen.</subfield>
         <subfield code="n">IV. Reihe,</subfield>
         <subfield code="p">Ägypten ;</subfield>
         <subfield code="v">Bd. 60.</subfield>
      </datafield>
      <datafield tag="OWN" ind1=" " ind2=" ">
         <subfield code="a">GENERAL</subfield>
      </datafield>
      <datafield tag="AVA" ind1=" " ind2=" ">
         <subfield code="a">NYU50</subfield>
         <subfield code="b">NISAW</subfield>
         <subfield code="c">Small Collection</subfield>
         <subfield code="d">BR1380 .C484 2015 Non-circulating</subfield>
         <subfield code="e">unavailable</subfield>
         <subfield code="t">Unavailable</subfield>
         <subfield code="f">1</subfield>
         <subfield code="g">1</subfield>
         <subfield code="h">N</subfield>
         <subfield code="i">0</subfield>
         <subfield code="j">SMALL</subfield>
         <subfield code="k">0</subfield>
      </datafield>
      <marc:datafield tag="852" ind1=" " ind2=" ">
         <marc:subfield code="b">Institute for the Study of the Ancient World, </marc:subfield>
         <marc:subfield code="c">Small Collection</marc:subfield>
         <marc:subfield code="e">15 East 84th St., </marc:subfield>
         <marc:subfield code="e">New York, NY  10028</marc:subfield>
      </marc:datafield>
   </record>