
  
  
  
  
  
  
  
 
  
  <record xsi:schemaLocation="http://www.loc.gov/MARC21/slim http://www.loc.gov/standards/marcxml/schema/MARC21slim.xsd">
      <leader>00000cam a2200493 a 4500</leader>
      <controlfield tag="FMT">BK</controlfield>
      <controlfield tag="LDR">00000cam a2200493 a 4500</controlfield>
      <controlfield tag="001">004432799</controlfield>
      <controlfield tag="003">OCoLC</controlfield>
      <controlfield tag="005">20161018152401.0</controlfield>
      <controlfield tag="008">160912s1998    cc af    b    000 0 chi d</controlfield>
      <datafield tag="020" ind1=" " ind2=" ">
         <subfield code="a">7506011654</subfield>
      </datafield>
      <datafield tag="020" ind1=" " ind2=" ">
         <subfield code="a">9787506011655</subfield>
      </datafield>
      <datafield tag="035" ind1=" " ind2=" ">
         <subfield code="a">(OCoLC)45177199</subfield>
         <subfield code="z">(OCoLC)698526006</subfield>
      </datafield>
      <datafield tag="040" ind1=" " ind2=" ">
         <subfield code="a">PIT</subfield>
         <subfield code="b">eng</subfield>
         <subfield code="c">PIT</subfield>
         <subfield code="d">DRB</subfield>
         <subfield code="d">OCLCF</subfield>
         <subfield code="d">OCLCQ</subfield>
         <subfield code="d">OCLCO</subfield>
         <subfield code="d">NNU</subfield>
      </datafield>
      <datafield tag="043" ind1=" " ind2=" ">
         <subfield code="a">a-cc---</subfield>
         <subfield code="a">a-cc-hp</subfield>
      </datafield>
      <datafield tag="050" ind1=" " ind2="4">
         <subfield code="a">DS793.H6</subfield>
         <subfield code="b">H684 1998</subfield>
      </datafield>
      <datafield tag="066" ind1=" " ind2=" ">
         <subfield code="c">$1</subfield>
      </datafield>
      <datafield tag="245" ind1="0" ind2="0">
         <subfield code="6">880-01</subfield>
         <subfield code="a">Hebei Sheng kao gu wen ji /</subfield>
         <subfield code="c">Hebei Sheng wen wu yan jiu suo bian = Papers on archaeology in Hebei Province / Hebei Provincial Institute of Cultural Relics.</subfield>
      </datafield>
      <datafield tag="246" ind1="1" ind2="5">
         <subfield code="a">Papers on archaeology in Hebei Province</subfield>
      </datafield>
      <datafield tag="250" ind1=" " ind2=" ">
         <subfield code="6">880-02</subfield>
         <subfield code="a">Di 1 ban.</subfield>
      </datafield>
      <datafield tag="260" ind1=" " ind2=" ">
         <subfield code="6">880-03</subfield>
         <subfield code="a">Beijing :</subfield>
         <subfield code="b">Dong fang chu ban she =</subfield>
         <subfield code="b">East Press,</subfield>
         <subfield code="c">1998.</subfield>
      </datafield>
      <datafield tag="300" ind1=" " ind2=" ">
         <subfield code="a">5, 548 pages, [48] pages of plates (some color) :</subfield>
         <subfield code="b">illustrations ;</subfield>
         <subfield code="c">27 cm</subfield>
      </datafield>
      <datafield tag="336" ind1=" " ind2=" ">
         <subfield code="a">text</subfield>
         <subfield code="b">txt</subfield>
         <subfield code="2">rdacontent</subfield>
      </datafield>
      <datafield tag="337" ind1=" " ind2=" ">
         <subfield code="a">unmediated</subfield>
         <subfield code="b">n</subfield>
         <subfield code="2">rdamedia</subfield>
      </datafield>
      <datafield tag="338" ind1=" " ind2=" ">
         <subfield code="a">volume</subfield>
         <subfield code="b">nc</subfield>
         <subfield code="2">rdacarrier</subfield>
      </datafield>
      <datafield tag="504" ind1=" " ind2=" ">
         <subfield code="a">Includes bibliographical references.</subfield>
      </datafield>
      <datafield tag="505" ind1="0" ind2="0">
         <subfield code="g">English-language table of contents:</subfield>
         <subfield code="t">Excavations of the Feiliang Site /</subfield>
         <subfield code="r">Sino-American Nihewan Archaeological Team --</subfield>
         <subfield code="t">Excavations of the Lower Palaeolithic Site at Majunagou /</subfield>
         <subfield code="r">HPICR (Hebei Provincial Institute of Cultural Relics) --</subfield>
         <subfield code="t">Excavations of the Shibeikou Site in Yongnian County /</subfield>
         <subfield code="r">HPICR and Handan Prefectural ACR (Administration of Cultural Relics) --</subfield>
         <subfield code="t">Excavation at the Chenxu Site in Cangxian County, Hebei /</subfield>
         <subfield code="r">HPICR --</subfield>
         <subfield code="t">Excavation at the Yulin Site in Yongnian County /</subfield>
         <subfield code="r">HPICR, et al. --</subfield>
         <subfield code="t">Surveys of Sarcophagus Burials at Tucheng Town, Fengning, Hebei /</subfield>
         <subfield code="r">HPICR --</subfield>
         <subfield code="t">Excavation of the Shuangbei Site in Longyao County /</subfield>
         <subfield code="r">HPICR and Longyao County OPAM ( Office for the Preservation of Ancient Monuments) --</subfield>
         <subfield code="t">Excavations of the Xiaoyitou Site in Neiqiu /</subfield>
         <subfield code="r">HPICR --</subfield>
         <subfield code="t">Excavations of the Donghuantuo Site in Tangshan /</subfield>
         <subfield code="r">HPICR and Tangshan Municipal ACR --</subfield>
         <subfield code="t">Bronzes of the Warring States Period from Miaoshangcun and Huanglonggang, Xingtang County /</subfield>
         <subfield code="r">Shijiazhuang-Taiyuan Archaeological Team, HPICR --</subfield>
         <subfield code="t">Excavations of Han Period Tomb No. 36 in Xianxian County /</subfield>
         <subfield code="r">HPICR, et al. --</subfield>
         <subfield code="t">Excavations of Tomb No. 4 in the Han Cemetery at Zhongjiao, Wuyi /</subfield>
         <subfield code="r">HPICR and Hengshui Prefectural ACR --</subfield>
         <subfield code="t">Excavation in the Dongying Cemetery at Zhangcun Villiage, Zhuozhou City /</subfield>
         <subfield code="r">HPICR, et al --</subfield>
         <subfield code="t">Excavation of Tombs at Yuecunpu on Shijiazhuang-Taiyuan Expressway /</subfield>
         <subfield code="r">HPICR and Shijiazhuang Municipal ACR --</subfield>
         <subfield code="t">Excavations of the Nanhaishan Cemetary at Beixincheng on Shijiazhuang-Taiyuan Expressway /</subfield>
         <subfield code="r">Shijiazhuang-Taiyuan Archaeological Team, HPICR --</subfield>
         <subfield code="t">Excavations of the Ancient City-Site at Dongguan, Cangzhou City /</subfield>
         <subfield code="r">HPICR and Cangzhou Municipal ACR --</subfield>
         <subfield code="t">Excavations of Song Tombs at Longdian, Wuyi, Hebei /</subfield>
         <subfield code="r">HPICR --</subfield>
         <subfield code="t">Excavation of Ancient Kiln-Sites at Baojiaying, Longhua /</subfield>
         <subfield code="r">HPICR --</subfield>
         <subfield code="t">Excavation of Ancient Tombs at Shizhong Village, Baixiang County /</subfield>
         <subfield code="r">HPICR --</subfield>
         <subfield code="t">Excavation of the Shi Family's Tombs at Houtaibao Village, Shijiazhuang /</subfield>
         <subfield code="r">HPICR --</subfield>
      </datafield>
      <datafield tag="505" ind1="8" ind2="0">
         <subfield code="t">On the Longshan Period Cultures in the North China Plain /</subfield>
         <subfield code="r">Duan Hongzhen --</subfield>
         <subfield code="t">A Preliminary Study of the Bonze Ge Dagger-Axes Collected at HPICR /</subfield>
         <subfield code="r">Dai Shutian --</subfield>
         <subfield code="t">Origin of the State Title of Yan and Move of Its Capital /</subfield>
         <subfield code="r">Shi Yongshi --</subfield>
         <subfield code="t">A Study of the Xianyu Ethnic Group and the Zhongshan State Recorded in Historical Texts in the Light of Archaeological Data /</subfield>
         <subfield code="r">Liu Laicheng --</subfield>
         <subfield code="t">A Preliminary Study into the Burial Custom of Sarcophagus Tombs in the Hebei Region /</subfield>
         <subfield code="r">Hu Jinhua --</subfield>
         <subfield code="t">Some Problems on the Changshan State Under the Western Han and Eastern Han Dynasties /</subfield>
         <subfield code="r">Han Liseng --</subfield>
         <subfield code="t">Identification of the Tomb-Owner of the Large-Sized Mural Tomb of the Northern Dynasties Period at Wanzhang, Cixian County /</subfield>
         <subfield code="r">Jian Dahuang --</subfield>
         <subfield code="t">Restudy of the Problems of Xing Ware /</subfield>
         <subfield code="r">Wang Huimin et al --</subfield>
         <subfield code="t">Discovery and Study of the Wall Paintings of Sanyue Opera Performances in Liao Mural Tombs /</subfield>
         <subfield code="r">Zheng Shaozong --</subfield>
         <subfield code="t">A Study of the Check Marks on Bronze Mirrors of the Jin Period /</subfield>
         <subfield code="r">Pei Shulan and Ji Yankun --</subfield>
         <subfield code="t">Some Problems on the Shi Tianze Family's Tombs /</subfield>
         <subfield code="r">Meng Fanfeng and Wang Huimin --</subfield>
         <subfield code="t">Climate and Enviornments of the Palaeolithic Cenjiawan Site in the Light of Pollen Analyses /</subfield>
         <subfield code="r">Xu Qinghai et al. --</subfield>
         <subfield code="t">Analysis of the Pollen Specimens fromt he Beizhuangzi Site and Tombs in Dingzhou /</subfield>
         <subfield code="r">Li Yuecong et al. --</subfield>
         <subfield code="t">Restoration and Casting Techniques of the Bronze Lamp in the Shape of a Human Figure with Silver Head from the Zhongshan State of the Warring States Period /</subfield>
         <subfield code="r">Lei Jinming --</subfield>
         <subfield code="t">Dating of the Dewlaped Bronze Ge Dagger-Axe /</subfield>
         <subfield code="r">Mi Tongle and Dai Shutian --</subfield>
         <subfield code="t">A Summer of Studies on the Preservation of Bronzes /</subfield>
         <subfield code="r">Song Chaojie.</subfield>
      </datafield>
      <datafield tag="651" ind1=" " ind2="0">
         <subfield code="6">880-04</subfield>
         <subfield code="a">Hebei Sheng (China)</subfield>
         <subfield code="x">Antiquities.</subfield>
      </datafield>
      <datafield tag="651" ind1=" " ind2="0">
         <subfield code="a">China</subfield>
         <subfield code="x">Antiquities.</subfield>
      </datafield>
      <datafield tag="650" ind1=" " ind2="0">
         <subfield code="a">Excavations (Archaeology)</subfield>
         <subfield code="z">China</subfield>
         <subfield code="z">Hebei Sheng.</subfield>
      </datafield>
      <datafield tag="650" ind1=" " ind2="7">
         <subfield code="a">Antiquities.</subfield>
         <subfield code="2">fast</subfield>
         <subfield code="0">(OCoLC)fst00810745</subfield>
      </datafield>
      <datafield tag="650" ind1=" " ind2="7">
         <subfield code="a">Excavations (Archaeology)</subfield>
         <subfield code="2">fast</subfield>
         <subfield code="0">(OCoLC)fst00917564</subfield>
      </datafield>
      <datafield tag="651" ind1=" " ind2="7">
         <subfield code="a">China.</subfield>
         <subfield code="2">fast</subfield>
         <subfield code="0">(OCoLC)fst01206073</subfield>
      </datafield>
      <datafield tag="651" ind1=" " ind2="7">
         <subfield code="a">China</subfield>
         <subfield code="z">Hebei Sheng.</subfield>
         <subfield code="2">fast</subfield>
         <subfield code="0">(OCoLC)fst01215481</subfield>
      </datafield>
      <datafield tag="710" ind1="2" ind2=" ">
         <subfield code="6">880-05</subfield>
         <subfield code="a">Hebei Sheng wen wu yan jiu suo.</subfield>
      </datafield>
      <datafield tag="880" ind1="0" ind2="0">
         <subfield code="6">245-01/</subfield>
         <subfield code="a">河北省考古文集 /</subfield>
         <subfield code="c">河北省文物硏究所编 = = Papers on archaeology in Hebei Province / Hebei Provincial Institute of Cultural Relics.</subfield>
      </datafield>
      <datafield tag="880" ind1=" " ind2=" ">
         <subfield code="6">250-02/</subfield>
         <subfield code="a">第1版.</subfield>
      </datafield>
      <datafield tag="880" ind1=" " ind2=" ">
         <subfield code="6">260-03/</subfield>
         <subfield code="a">北京 :</subfield>
         <subfield code="b">东方出版社 =</subfield>
         <subfield code="b">East Press,</subfield>
         <subfield code="c">1998.</subfield>
      </datafield>
      <datafield tag="880" ind1=" " ind2="4">
         <subfield code="6">651-04/</subfield>
         <subfield code="a">河北省 (China)</subfield>
         <subfield code="x">Antiquities.</subfield>
      </datafield>
      <datafield tag="880" ind1="2" ind2=" ">
         <subfield code="6">710-05/</subfield>
         <subfield code="a">河北省(China).</subfield>
         <subfield code="b">文物硏究所.</subfield>
      </datafield>
      <datafield tag="994" ind1=" " ind2=" ">
         <subfield code="a">Z0</subfield>
         <subfield code="b">ZYU</subfield>
      </datafield>
      <datafield tag="OWN" ind1=" " ind2=" ">
         <subfield code="a">GENERAL</subfield>
      </datafield>
      <datafield tag="AVA" ind1=" " ind2=" ">
         <subfield code="a">NYU50</subfield>
         <subfield code="b">NISAW</subfield>
         <subfield code="c">Small Collection</subfield>
         <subfield code="d">DS793.H6 H684 1998 Non-circulating</subfield>
         <subfield code="e">available</subfield>
         <subfield code="t">Available</subfield>
         <subfield code="f">1</subfield>
         <subfield code="g">0</subfield>
         <subfield code="h">N</subfield>
         <subfield code="i">0</subfield>
         <subfield code="j">SMALL</subfield>
         <subfield code="k">0</subfield>
      </datafield>
      <marc:datafield tag="852" ind1=" " ind2=" ">
         <marc:subfield code="b">Institute for the Study of the Ancient World, </marc:subfield>
         <marc:subfield code="c">Small Collection</marc:subfield>
         <marc:subfield code="e">15 East 84th St., </marc:subfield>
         <marc:subfield code="e">New York, NY  10028</marc:subfield>
      </marc:datafield>
   </record>