
  
  
  
  
  
  
  
 
  
  <record xsi:schemaLocation="http://www.loc.gov/MARC21/slim http://www.loc.gov/standards/marcxml/schema/MARC21slim.xsd">
      <leader>00000cam a2200553 i 4500</leader>
      <controlfield tag="FMT">BK</controlfield>
      <controlfield tag="LDR">00000cam a2200553 i 4500</controlfield>
      <controlfield tag="001">004434123</controlfield>
      <controlfield tag="003">OCoLC</controlfield>
      <controlfield tag="005">20160930152825.0</controlfield>
      <controlfield tag="008">160919s2014    ru a     b    000 0crus c</controlfield>
      <datafield tag="020" ind1=" " ind2=" ">
         <subfield code="a">9785918520758</subfield>
         <subfield code="q">(set)</subfield>
      </datafield>
      <datafield tag="020" ind1=" " ind2=" ">
         <subfield code="a">5918520759</subfield>
         <subfield code="q">(set)</subfield>
      </datafield>
      <datafield tag="020" ind1=" " ind2=" ">
         <subfield code="a">9785918520765</subfield>
         <subfield code="q">(t. 1)</subfield>
      </datafield>
      <datafield tag="020" ind1=" " ind2=" ">
         <subfield code="a">5918520767</subfield>
         <subfield code="q">(t. 1)</subfield>
      </datafield>
      <datafield tag="020" ind1=" " ind2=" ">
         <subfield code="a">9785918520772</subfield>
         <subfield code="q">(t. 2)</subfield>
      </datafield>
      <datafield tag="020" ind1=" " ind2=" ">
         <subfield code="a">5918520775</subfield>
         <subfield code="q">(t. 2)</subfield>
      </datafield>
      <datafield tag="035" ind1=" " ind2=" ">
         <subfield code="a">(OCoLC)904800308</subfield>
      </datafield>
      <datafield tag="040" ind1=" " ind2=" ">
         <subfield code="a">EVIEW</subfield>
         <subfield code="b">eng</subfield>
         <subfield code="e">rda</subfield>
         <subfield code="c">EVIEW</subfield>
         <subfield code="d">OCLCQ</subfield>
         <subfield code="d">STF</subfield>
         <subfield code="d">OCLCO</subfield>
         <subfield code="d">OCLCF</subfield>
         <subfield code="d">OCLCO</subfield>
         <subfield code="d">PUL</subfield>
         <subfield code="d">ZCU</subfield>
         <subfield code="d">IUL</subfield>
         <subfield code="d">NNU</subfield>
      </datafield>
      <datafield tag="042" ind1=" " ind2=" ">
         <subfield code="a">pcc</subfield>
      </datafield>
      <datafield tag="043" ind1=" " ind2=" ">
         <subfield code="a">e-ur---</subfield>
      </datafield>
      <datafield tag="050" ind1=" " ind2="4">
         <subfield code="a">DK38.5</subfield>
         <subfield code="b">.K55 2014</subfield>
      </datafield>
      <datafield tag="066" ind1=" " ind2=" ">
         <subfield code="c">(N</subfield>
      </datafield>
      <datafield tag="100" ind1="1" ind2=" ">
         <subfield code="6">880-01</subfield>
         <subfield code="a">Kleĭn, L. S.</subfield>
         <subfield code="q">(Lev Samuilovich)</subfield>
         <subfield code="e">author.</subfield>
      </datafield>
      <datafield tag="245" ind1="1" ind2="0">
         <subfield code="6">880-02</subfield>
         <subfield code="a">Istorii͡a rossiĭskoĭ arkheologii :</subfield>
         <subfield code="b">uchenii͡a, shkoly i lichnosti /</subfield>
         <subfield code="c">L.S. Kleĭn.</subfield>
      </datafield>
      <datafield tag="264" ind1=" " ind2="1">
         <subfield code="6">880-03</subfield>
         <subfield code="a">Sankt-Peterburg :</subfield>
         <subfield code="b">Evrazii͡a,</subfield>
         <subfield code="c">2014.</subfield>
      </datafield>
      <datafield tag="300" ind1=" " ind2=" ">
         <subfield code="a">2 volumes (701; 635 pages) :</subfield>
         <subfield code="b">illustrations ;</subfield>
         <subfield code="c">23 cm</subfield>
      </datafield>
      <datafield tag="336" ind1=" " ind2=" ">
         <subfield code="a">text</subfield>
         <subfield code="b">txt</subfield>
         <subfield code="2">rdacontent</subfield>
      </datafield>
      <datafield tag="337" ind1=" " ind2=" ">
         <subfield code="a">unmediated</subfield>
         <subfield code="b">n</subfield>
         <subfield code="2">rdamedia</subfield>
      </datafield>
      <datafield tag="338" ind1=" " ind2=" ">
         <subfield code="a">volume</subfield>
         <subfield code="b">nc</subfield>
         <subfield code="2">rdacarrier</subfield>
      </datafield>
      <datafield tag="500" ind1=" " ind2=" ">
         <subfield code="6">880-04</subfield>
         <subfield code="a">"Nauchnoe izdanie"--Colophon.</subfield>
      </datafield>
      <datafield tag="504" ind1=" " ind2=" ">
         <subfield code="a">Tom II, Includes bibliographical references (pages 565-631).</subfield>
      </datafield>
      <datafield tag="505" ind1="0" ind2="0">
         <subfield code="6">880-05</subfield>
         <subfield code="g">tom I.</subfield>
         <subfield code="t">Obshchiĭ obzor i dorevoli͡ut͡sionnoe vremi͡a --</subfield>
         <subfield code="g">tom II.</subfield>
         <subfield code="t">Arkheologi sovetskoĭ ėpokhi.</subfield>
      </datafield>
      <datafield tag="650" ind1=" " ind2="0">
         <subfield code="a">Archaeologists</subfield>
         <subfield code="z">Russia</subfield>
         <subfield code="v">Biography.</subfield>
      </datafield>
      <datafield tag="650" ind1=" " ind2="0">
         <subfield code="a">Archaeologists</subfield>
         <subfield code="z">Soviet Union</subfield>
         <subfield code="v">Biography.</subfield>
      </datafield>
      <datafield tag="650" ind1=" " ind2="0">
         <subfield code="a">Archaeology</subfield>
         <subfield code="z">Russia</subfield>
         <subfield code="x">History.</subfield>
      </datafield>
      <datafield tag="650" ind1=" " ind2="0">
         <subfield code="a">Archaeology</subfield>
         <subfield code="z">Soviet Union</subfield>
         <subfield code="x">History.</subfield>
      </datafield>
      <datafield tag="880" ind1="1" ind2=" ">
         <subfield code="6">100-01/</subfield>
         <subfield code="a">Клейн, Л. С.</subfield>
         <subfield code="q">(Лев Самуилович),</subfield>
         <subfield code="e">author.</subfield>
      </datafield>
      <datafield tag="880" ind1="1" ind2="0">
         <subfield code="6">245-02/</subfield>
         <subfield code="a">История российской археологии :</subfield>
         <subfield code="b">учения, школы и личности /</subfield>
         <subfield code="c">Л.С. Клейн.</subfield>
      </datafield>
      <datafield tag="880" ind1=" " ind2="1">
         <subfield code="6">264-03/</subfield>
         <subfield code="a">Санкт-Петербург :</subfield>
         <subfield code="b">Евразия,</subfield>
         <subfield code="c">2014.</subfield>
      </datafield>
      <datafield tag="880" ind1=" " ind2=" ">
         <subfield code="6">500-04/</subfield>
         <subfield code="a">"Научное издание"--Colophon.</subfield>
      </datafield>
      <datafield tag="880" ind1="0" ind2=" ">
         <subfield code="6">505-05/</subfield>
         <subfield code="g">том I.</subfield>
         <subfield code="t">Общий обзор и дореволюционное время --</subfield>
         <subfield code="g">том II.</subfield>
         <subfield code="t">Археологи советской эпохи.</subfield>
      </datafield>
      <datafield tag="994" ind1=" " ind2=" ">
         <subfield code="a">Z0</subfield>
         <subfield code="b">ZYU</subfield>
      </datafield>
      <datafield tag="OWN" ind1=" " ind2=" ">
         <subfield code="a">GENERAL</subfield>
      </datafield>
      <datafield tag="AVA" ind1=" " ind2=" ">
         <subfield code="a">NYU50</subfield>
         <subfield code="b">NISAW</subfield>
         <subfield code="c">Small Collection</subfield>
         <subfield code="d">DK38.5 .K55 2014 Non-circulating</subfield>
         <subfield code="e">available</subfield>
         <subfield code="t">Available</subfield>
         <subfield code="f">2</subfield>
         <subfield code="g">0</subfield>
         <subfield code="h">Y</subfield>
         <subfield code="i">0</subfield>
         <subfield code="j">SMALL</subfield>
         <subfield code="k">0</subfield>
      </datafield>
      <marc:datafield tag="852" ind1=" " ind2=" ">
         <marc:subfield code="b">Institute for the Study of the Ancient World, </marc:subfield>
         <marc:subfield code="c">Small Collection</marc:subfield>
         <marc:subfield code="e">15 East 84th St., </marc:subfield>
         <marc:subfield code="e">New York, NY  10028</marc:subfield>
      </marc:datafield>
   </record>