
  
  
  
  
  
  
  
  
  
 
  
  <record xsi:schemaLocation="http://www.loc.gov/MARC21/slim http://www.loc.gov/standards/marcxml/schema/MARC21slim.xsd">
      <leader>00000cam a2200769 i 4500</leader>
      <controlfield tag="FMT">BK</controlfield>
      <controlfield tag="LDR">00000cam a2200769 i 4500</controlfield>
      <controlfield tag="001">004116679</controlfield>
      <controlfield tag="003">OCoLC</controlfield>
      <controlfield tag="005">20160919094812.0</controlfield>
      <controlfield tag="008">140728t20152015enkab    b    001 0 eng</controlfield>
      <datafield tag="010" ind1=" " ind2=" ">
         <subfield code="a">2014029258</subfield>
      </datafield>
      <datafield tag="015" ind1=" " ind2=" ">
         <subfield code="a">GBB501554</subfield>
         <subfield code="2">bnb</subfield>
      </datafield>
      <datafield tag="015" ind1=" " ind2=" ">
         <subfield code="a">GBB502708</subfield>
         <subfield code="2">bnb</subfield>
      </datafield>
      <datafield tag="016" ind1="7" ind2=" ">
         <subfield code="a">101637905</subfield>
         <subfield code="2">DNLM</subfield>
      </datafield>
      <datafield tag="016" ind1="7" ind2=" ">
         <subfield code="a">017001582</subfield>
         <subfield code="2">Uk</subfield>
      </datafield>
      <datafield tag="016" ind1="7" ind2=" ">
         <subfield code="a">017002738</subfield>
         <subfield code="2">Uk</subfield>
      </datafield>
      <datafield tag="020" ind1=" " ind2=" ">
         <subfield code="a">9781472449078</subfield>
         <subfield code="q">(hbk.)</subfield>
      </datafield>
      <datafield tag="020" ind1=" " ind2=" ">
         <subfield code="a">147244907X</subfield>
         <subfield code="q">(hbk.)</subfield>
      </datafield>
      <datafield tag="020" ind1=" " ind2=" ">
         <subfield code="z">9781472449085</subfield>
         <subfield code="q">(ebk-PDF)</subfield>
      </datafield>
      <datafield tag="020" ind1=" " ind2=" ">
         <subfield code="z">9781472449092</subfield>
         <subfield code="q">(ebk-ePUB)</subfield>
      </datafield>
      <datafield tag="024" ind1="8" ind2=" ">
         <subfield code="a">40024730217</subfield>
      </datafield>
      <datafield tag="035" ind1="7" ind2=" ">
         <subfield code="a">ybp100609412</subfield>
      </datafield>
      <datafield tag="035" ind1=" " ind2=" ">
         <subfield code="a">(OCoLC)884961896</subfield>
         <subfield code="z">(OCoLC)909112707</subfield>
      </datafield>
      <datafield tag="040" ind1=" " ind2=" ">
         <subfield code="a">DNLM/DLC</subfield>
         <subfield code="b">eng</subfield>
         <subfield code="e">rda</subfield>
         <subfield code="c">DLC</subfield>
         <subfield code="d">YDX</subfield>
         <subfield code="d">NLM</subfield>
         <subfield code="d">YDXCP</subfield>
         <subfield code="d">BTCTA</subfield>
         <subfield code="d">UKMGB</subfield>
         <subfield code="d">CDX</subfield>
         <subfield code="d">YUS</subfield>
         <subfield code="d">OCLCF</subfield>
         <subfield code="d">OCLCO</subfield>
         <subfield code="d">NLE</subfield>
         <subfield code="d">QGK</subfield>
         <subfield code="d">CHVBK</subfield>
         <subfield code="d">OCLCO</subfield>
         <subfield code="d">OCLCQ</subfield>
         <subfield code="d">OCLCO</subfield>
         <subfield code="d">ZYU</subfield>
      </datafield>
      <datafield tag="042" ind1=" " ind2=" ">
         <subfield code="a">pcc</subfield>
      </datafield>
      <datafield tag="050" ind1="0" ind2="0">
         <subfield code="a">RA607</subfield>
         <subfield code="b">.S26 2015</subfield>
      </datafield>
      <datafield tag="060" ind1="0" ind2="0">
         <subfield code="a">2015 D-473</subfield>
      </datafield>
      <datafield tag="060" ind1="1" ind2="0">
         <subfield code="a">WA 11.1</subfield>
      </datafield>
      <datafield tag="082" ind1="0" ind2="0">
         <subfield code="a">363.72/94</subfield>
         <subfield code="2">23</subfield>
      </datafield>
      <datafield tag="245" ind1="0" ind2="0">
         <subfield code="a">Sanitation, latrines and intestinal parasites in past populations /</subfield>
         <subfield code="c">edited by Piers D. Mitchell, University of Cambridge, UK.</subfield>
      </datafield>
      <datafield tag="264" ind1=" " ind2="1">
         <subfield code="a">Farnham, Surrey ;</subfield>
         <subfield code="a">Burlington, VT :</subfield>
         <subfield code="b">Ashgate,</subfield>
         <subfield code="c">[2015]</subfield>
      </datafield>
      <datafield tag="300" ind1=" " ind2=" ">
         <subfield code="a">xii, 278 pages :</subfield>
         <subfield code="b">illustrations, maps ;</subfield>
         <subfield code="c">24 cm</subfield>
      </datafield>
      <datafield tag="336" ind1=" " ind2=" ">
         <subfield code="a">text</subfield>
         <subfield code="b">txt</subfield>
         <subfield code="2">rdacontent</subfield>
      </datafield>
      <datafield tag="337" ind1=" " ind2=" ">
         <subfield code="a">unmediated</subfield>
         <subfield code="b">n</subfield>
         <subfield code="2">rdamedia</subfield>
      </datafield>
      <datafield tag="338" ind1=" " ind2=" ">
         <subfield code="a">volume</subfield>
         <subfield code="b">nc</subfield>
         <subfield code="2">rdacarrier</subfield>
      </datafield>
      <datafield tag="504" ind1=" " ind2=" ">
         <subfield code="a">Includes bibliographical references (pages 235-276) and index.</subfield>
      </datafield>
      <datafield tag="505" ind1="0" ind2="0">
         <subfield code="t">Why we need to know about sanitation in the past /</subfield>
         <subfield code="r">Piers D. Mitchell --</subfield>
         <subfield code="t">Assessing the impact of sanitation upon health in early human populations from hunter-gatherers to ancient civilizations, using theoretical modeling /</subfield>
         <subfield code="r">Piers D. Mitchell --</subfield>
         <subfield code="t">Waste management in early urban Southern Mesopotamia /</subfield>
         <subfield code="r">Augusta McMahon --</subfield>
         <subfield code="t">Latrines and wastewater sanitation technologies in Ancient Greece /</subfield>
         <subfield code="r">Georgios P. Antoniou and Andreas N. Angelakis --</subfield>
         <subfield code="t">A tale of two cities : the efficacy of ancient and medieval sanitation methods /</subfield>
         <subfield code="r">Craig Taylor --</subfield>
         <subfield code="t">Sewers, cesspits and middens : a survey of the evidence for 2,000 years of waste disposal in York, UK /</subfield>
         <subfield code="r">Allan R. Hall and Harry K. Kenward --</subfield>
         <subfield code="t">Human intestinal parasites and dysentery in Africa and the Middle East prior to 1500 /</subfield>
         <subfield code="r">Evilena Anastasiou and Piers D Mitchell --</subfield>
         <subfield code="t">Parasitism, cesspits and sanitation in East Asian countries prior to modernization /</subfield>
         <subfield code="r">Min Seo and Dong Hoon Shin --</subfield>
         <subfield code="t">New World paleoparasitology /</subfield>
         <subfield code="r">Adauto Arajo, Luiz Fernando Ferreira, Martin Fugassa, Daniela Leles, Luciana Sianto, Sheila Maria Mendonça de Souza, Juliana Dutra, Alena Iñiguez, Karl Reinhard --</subfield>
         <subfield code="t">Parasites in European populations from prehistory to the industrial revolution /</subfield>
         <subfield code="r">Evilena Anastasiou --</subfield>
         <subfield code="t">A first attempt to retrace the history of dysentery caused by entamoeba histolytica /</subfield>
         <subfield code="r">Matthieu Le Bailly and Françoise Bouchet --</subfield>
         <subfield code="t">A better understanding of sanitation and health in the past /</subfield>
         <subfield code="r">Piers D. Mitchell.</subfield>
      </datafield>
      <datafield tag="650" ind1=" " ind2="0">
         <subfield code="a">Sanitation</subfield>
         <subfield code="x">History.</subfield>
      </datafield>
      <datafield tag="650" ind1=" " ind2="0">
         <subfield code="a">Toilets</subfield>
         <subfield code="x">History.</subfield>
      </datafield>
      <datafield tag="650" ind1=" " ind2="0">
         <subfield code="a">Public health</subfield>
         <subfield code="x">History.</subfield>
      </datafield>
      <datafield tag="650" ind1=" " ind2="0">
         <subfield code="a">Intestines</subfield>
         <subfield code="x">Diseases</subfield>
         <subfield code="x">History.</subfield>
      </datafield>
      <datafield tag="650" ind1="1" ind2="2">
         <subfield code="a">Sanitation</subfield>
         <subfield code="x">history.</subfield>
      </datafield>
      <datafield tag="650" ind1="1" ind2="2">
         <subfield code="a">Intestinal Diseases, Parasitic</subfield>
         <subfield code="x">prevention &amp; control.</subfield>
      </datafield>
      <datafield tag="650" ind1="1" ind2="2">
         <subfield code="a">Toilet Facilities</subfield>
         <subfield code="x">history.</subfield>
      </datafield>
      <datafield tag="650" ind1=" " ind2="7">
         <subfield code="a">Intestines</subfield>
         <subfield code="x">Diseases.</subfield>
         <subfield code="2">fast</subfield>
         <subfield code="0">(OCoLC)fst00977675</subfield>
      </datafield>
      <datafield tag="650" ind1=" " ind2="7">
         <subfield code="a">Public health.</subfield>
         <subfield code="2">fast</subfield>
         <subfield code="0">(OCoLC)fst01082238</subfield>
      </datafield>
      <datafield tag="650" ind1=" " ind2="7">
         <subfield code="a">Sanitation.</subfield>
         <subfield code="2">fast</subfield>
         <subfield code="0">(OCoLC)fst01105094</subfield>
      </datafield>
      <datafield tag="650" ind1=" " ind2="7">
         <subfield code="a">Toilets.</subfield>
         <subfield code="2">fast</subfield>
         <subfield code="0">(OCoLC)fst01152153</subfield>
      </datafield>
      <datafield tag="655" ind1=" " ind2="7">
         <subfield code="a">History.</subfield>
         <subfield code="2">fast</subfield>
         <subfield code="0">(OCoLC)fst01411628</subfield>
      </datafield>
      <datafield tag="700" ind1="1" ind2=" ">
         <subfield code="a">Mitchell, Piers D.</subfield>
      </datafield>
      <datafield tag="776" ind1="0" ind2="8">
         <subfield code="i">Ebook version</subfield>
         <subfield code="z">9781472449092</subfield>
      </datafield>
      <datafield tag="OWN" ind1=" " ind2=" ">
         <subfield code="a">GENERAL</subfield>
      </datafield>
      <datafield tag="AVA" ind1=" " ind2=" ">
         <subfield code="a">NYU50</subfield>
         <subfield code="b">BOBST</subfield>
         <subfield code="c">Main Collection</subfield>
         <subfield code="d">RA567 .S255 2015</subfield>
         <subfield code="e">available</subfield>
         <subfield code="t">Available</subfield>
         <subfield code="f">1</subfield>
         <subfield code="g">0</subfield>
         <subfield code="h">N</subfield>
         <subfield code="i">1</subfield>
         <subfield code="j">MAIN</subfield>
         <subfield code="k">0</subfield>
      </datafield>
      <datafield tag="AVA" ind1=" " ind2=" ">
         <subfield code="a">NYU50</subfield>
         <subfield code="b">NISAW</subfield>
         <subfield code="c">Small Collection</subfield>
         <subfield code="d">RA607 .S26 2015 Non-circulating</subfield>
         <subfield code="e">available</subfield>
         <subfield code="t">Available</subfield>
         <subfield code="f">1</subfield>
         <subfield code="g">0</subfield>
         <subfield code="h">N</subfield>
         <subfield code="i">0</subfield>
         <subfield code="j">SMALL</subfield>
         <subfield code="k">0</subfield>
      </datafield>
      <marc:datafield tag="852" ind1=" " ind2=" ">
         <marc:subfield code="b">Institute for the Study of the Ancient World, </marc:subfield>
         <marc:subfield code="c">Small Collection</marc:subfield>
         <marc:subfield code="e">15 East 84th St., </marc:subfield>
         <marc:subfield code="e">New York, NY  10028</marc:subfield>
      </marc:datafield>
   </record>