
  
  
  
  
  
  
  
  
  
 
  
  <record xsi:schemaLocation="http://www.loc.gov/MARC21/slim http://www.loc.gov/standards/marcxml/schema/MARC21slim.xsd">
      <leader>00000nam a2200349Ii 4500</leader>
      <controlfield tag="FMT">BK</controlfield>
      <controlfield tag="LDR">00000nam a2200349Ii 4500</controlfield>
      <controlfield tag="001">004435174</controlfield>
      <controlfield tag="003">OCoLC</controlfield>
      <controlfield tag="005">20160922103505.0</controlfield>
      <controlfield tag="008">160922s2016    gw ab    b    000 0 eng d</controlfield>
      <datafield tag="035" ind1=" " ind2=" ">
         <subfield code="a">(OCoLC)958934401</subfield>
      </datafield>
      <datafield tag="040" ind1=" " ind2=" ">
         <subfield code="a">ZYU</subfield>
         <subfield code="b">eng</subfield>
         <subfield code="e">rda</subfield>
         <subfield code="c">ZYU</subfield>
      </datafield>
      <datafield tag="043" ind1=" " ind2=" ">
         <subfield code="a">a-iq---</subfield>
      </datafield>
      <datafield tag="050" ind1=" " ind2="4">
         <subfield code="a">DS79.89.P57</subfield>
         <subfield code="b">E97 2016</subfield>
      </datafield>
      <datafield tag="245" ind1="0" ind2="0">
         <subfield code="a">Exploring the Neo-Assyrian frontier with western Iran :</subfield>
         <subfield code="b">the 2015 season at Gird-i Bazar and Qanat-i Dinka /</subfield>
         <subfield code="c">edited by Karen Radner, F. Janoscha Kreppner and Andrea Squitieri.</subfield>
      </datafield>
      <datafield tag="264" ind1=" " ind2="1">
         <subfield code="a">Gladbeck :</subfield>
         <subfield code="b">PeWe-Verlag,</subfield>
         <subfield code="c">2016</subfield>
      </datafield>
      <datafield tag="300" ind1=" " ind2=" ">
         <subfield code="a">128 pages :</subfield>
         <subfield code="b">illustrations (some color), maps (some color) ;</subfield>
         <subfield code="c">30 cm.</subfield>
      </datafield>
      <datafield tag="336" ind1=" " ind2=" ">
         <subfield code="a">text</subfield>
         <subfield code="b">txt</subfield>
         <subfield code="2">rdacontent</subfield>
      </datafield>
      <datafield tag="336" ind1=" " ind2=" ">
         <subfield code="a">still image</subfield>
         <subfield code="b">sti</subfield>
         <subfield code="2">rdacontent</subfield>
      </datafield>
      <datafield tag="337" ind1=" " ind2=" ">
         <subfield code="a">unmediated</subfield>
         <subfield code="b">n</subfield>
         <subfield code="2">rdamedia</subfield>
      </datafield>
      <datafield tag="338" ind1=" " ind2=" ">
         <subfield code="a">volume</subfield>
         <subfield code="b">nc</subfield>
         <subfield code="2">rdacarrier</subfield>
      </datafield>
      <datafield tag="490" ind1="1" ind2=" ">
         <subfield code="a">Peshdar Plain Project Publications ;</subfield>
         <subfield code="v">1</subfield>
      </datafield>
      <datafield tag="504" ind1=" " ind2=" ">
         <subfield code="a">Includes bibliographical references (pages 120-128).</subfield>
      </datafield>
      <datafield tag="505" ind1="0" ind2="0">
         <subfield code="g">A.</subfield>
         <subfield code="t">Introducing the Peshdar Plain Project /</subfield>
         <subfield code="r">Karen Radner.</subfield>
         <subfield code="g">B.</subfield>
         <subfield code="t">Approaching the Peshdar Plain.</subfield>
         <subfield code="t">The Peshdar Plain in the Neo-Assyrian period : the border march of the palace herald /</subfield>
         <subfield code="r">Karen Radner --</subfield>
         <subfield code="t">Landscape and geoarchaeology of the Bora Plain --</subfield>
         <subfield code="r">Mark Altaweel &amp; Anke Marsh --</subfield>
         <subfield code="t">Surface survey of the Dinka settlement complex, 2013-2015 /</subfield>
         <subfield code="r">Jessica Giraud --</subfield>
         <subfield code="t">The megnetometer survey of Qalat-i Dinka and Gird-i Bazar, 2015 /</subfield>
         <subfield code="r">Jörg Fassbinder &amp; Andrei Ašandulesei.</subfield>
         <subfield code="g">C.</subfield>
         <subfield code="t">Excavating Gird-i Bazar : the 2015 season.</subfield>
         <subfield code="t">Introducing the excavation methodology /</subfield>
         <subfield code="r">F. Janoscha Kreppner, Christoph Foster &amp; Andrea Squitieri --</subfield>
         <subfield code="t">Dating the occupation of Gird-i Bazar.</subfield>
         <subfield code="t">Absolute chronology and ¹⁴C dating /</subfield>
         <subfield code="r">Karen Radner --</subfield>
         <subfield code="t">Relative stratigraphy /</subfield>
         <subfield code="r">F. Janoscha Kreppner &amp; Andrea Squitieri --</subfield>
         <subfield code="t">The eastern trench /</subfield>
         <subfield code="r">John MacGinnis &amp; F. Janoscha Kreppner --</subfield>
         <subfield code="t">The connecting trench /</subfield>
         <subfield code="r">Adam B. Stone --</subfield>
         <subfield code="t">The western trench : square 267931 /</subfield>
         <subfield code="r">Peter V. Bartl.</subfield>
         <subfield code="g">D.</subfield>
         <subfield code="t">Samples and finds from Gird-i Bazar, 2015.</subfield>
         <subfield code="t">The bioarchaeological sampling strategy /</subfield>
         <subfield code="r">Tina Greenfield --</subfield>
         <subfield code="t">The pottery from Gird-i Bazar, 2015 : a preliminary study /</subfield>
         <subfield code="r">Jean-Jacques Herr --</subfield>
         <subfield code="t">Small finds /</subfield>
         <subfield code="r">Eleanor Barbanes Wilkinson, Andrea Squitier &amp; Zahra Hashemi.</subfield>
         <subfield code="g">E.</subfield>
         <subfield code="t">Conclusion and prospects /</subfield>
         <subfield code="r">F. Janoscha Kreppner &amp; Karen Radner --</subfield>
         <subfield code="g">F. Appendix :</subfield>
         <subfield code="t">Looking for Muṣaṣir : the 2014 magnetometer survey at Mujeser /</subfield>
         <subfield code="r">Jörg Fassbinder.</subfield>
      </datafield>
      <datafield tag="650" ind1=" " ind2="0">
         <subfield code="a">Excavations (Archaeology)</subfield>
         <subfield code="z">Iraq</subfield>
         <subfield code="z">Pishdar.</subfield>
      </datafield>
      <datafield tag="651" ind1=" " ind2="0">
         <subfield code="a">Pishdar (Iraq)</subfield>
         <subfield code="x">Antiquities.</subfield>
      </datafield>
      <datafield tag="700" ind1="1" ind2=" ">
         <subfield code="a">Radner, Karen,</subfield>
         <subfield code="e">editor.</subfield>
      </datafield>
      <datafield tag="700" ind1="1" ind2=" ">
         <subfield code="a">Kreppner, Florian Janoscha,</subfield>
         <subfield code="e">editor.</subfield>
      </datafield>
      <datafield tag="700" ind1="1" ind2=" ">
         <subfield code="a">Squitieri, Andrea,</subfield>
         <subfield code="e">editor.</subfield>
      </datafield>
      <datafield tag="830" ind1=" " ind2="0">
         <subfield code="a">Peshdar Plain Project Publications ;</subfield>
         <subfield code="v">1</subfield>
      </datafield>
      <datafield tag="994" ind1=" " ind2=" ">
         <subfield code="a">Z0</subfield>
         <subfield code="b">ZYU</subfield>
      </datafield>
      <datafield tag="OWN" ind1=" " ind2=" ">
         <subfield code="a">GENERAL</subfield>
      </datafield>
      <datafield tag="AVA" ind1=" " ind2=" ">
         <subfield code="a">NYU50</subfield>
         <subfield code="b">NISAW</subfield>
         <subfield code="c">Large Collection</subfield>
         <subfield code="d">DS79.89.P57 E97 2016 Non-circulating</subfield>
         <subfield code="e">available</subfield>
         <subfield code="t">Available</subfield>
         <subfield code="f">1</subfield>
         <subfield code="g">0</subfield>
         <subfield code="h">N</subfield>
         <subfield code="i">0</subfield>
         <subfield code="j">LARGE</subfield>
         <subfield code="k">0</subfield>
      </datafield>
      <marc:datafield tag="852" ind1=" " ind2=" ">
         <marc:subfield code="b">Institute for the Study of the Ancient World, </marc:subfield>
         <marc:subfield code="c">Large Collection</marc:subfield>
         <marc:subfield code="e">15 East 84th St., </marc:subfield>
         <marc:subfield code="e">New York, NY  10028</marc:subfield>
      </marc:datafield>
   </record>