
  
  
  
  
  
  
  
  
 
  
  <record xsi:schemaLocation="http://www.loc.gov/MARC21/slim http://www.loc.gov/standards/marcxml/schema/MARC21slim.xsd">
      <leader>00000cam a2200313 i 4500</leader>
      <controlfield tag="FMT">BK</controlfield>
      <controlfield tag="LDR">00000cam a2200313 i 4500</controlfield>
      <controlfield tag="001">004462410</controlfield>
      <controlfield tag="003">OCoLC</controlfield>
      <controlfield tag="005">20161101112334.0</controlfield>
      <controlfield tag="008">160926s2015    ru a     b    010 0 rus d</controlfield>
      <datafield tag="020" ind1=" " ind2=" ">
         <subfield code="a">9785912441431</subfield>
      </datafield>
      <datafield tag="020" ind1=" " ind2=" ">
         <subfield code="a">5912441431</subfield>
      </datafield>
      <datafield tag="035" ind1=" " ind2=" ">
         <subfield code="a">(OCoLC)930847123</subfield>
      </datafield>
      <datafield tag="040" ind1=" " ind2=" ">
         <subfield code="a">EVIEW</subfield>
         <subfield code="b">eng</subfield>
         <subfield code="e">rda</subfield>
         <subfield code="c">EVIEW</subfield>
         <subfield code="d">COO</subfield>
         <subfield code="d">NNU</subfield>
      </datafield>
      <datafield tag="041" ind1="1" ind2=" ">
         <subfield code="a">rus</subfield>
         <subfield code="a">ger</subfield>
         <subfield code="b">eng</subfield>
      </datafield>
      <datafield tag="050" ind1=" " ind2="4">
         <subfield code="a">DF261.B7</subfield>
         <subfield code="b">S55 2015</subfield>
      </datafield>
      <datafield tag="245" ind1="0" ind2="0">
         <subfield code="6">880-01</subfield>
         <subfield code="a">S Mitridata duet veter :</subfield>
         <subfield code="b">Bospor i Prichernomorʹe v antichnosti; k 70-letii͡u V. P. Tolstikova /</subfield>
         <subfield code="c">redakt͡ionnai͡a kollegii͡a: D.V. Zhuravlev.</subfield>
      </datafield>
      <datafield tag="246" ind1="1" ind2="5">
         <subfield code="a">Wind blows down the mount Mithridates :</subfield>
         <subfield code="b">the Bosphros and the Black Sea in antiquity; studies presented to V.P. Tolstikov on the occasion of his 70th birthday</subfield>
      </datafield>
      <datafield tag="264" ind1=" " ind2="1">
         <subfield code="6">880-02</subfield>
         <subfield code="a">Moskva :</subfield>
         <subfield code="b">Universitet Dmitrii͡a Pozharskogo,</subfield>
         <subfield code="c">2015.</subfield>
      </datafield>
      <datafield tag="300" ind1=" " ind2=" ">
         <subfield code="a">344 pages :</subfield>
         <subfield code="b">illustrations,</subfield>
         <subfield code="c">31 cm</subfield>
      </datafield>
      <datafield tag="336" ind1=" " ind2=" ">
         <subfield code="a">text</subfield>
         <subfield code="b">txt</subfield>
         <subfield code="2">rdacontent</subfield>
      </datafield>
      <datafield tag="337" ind1=" " ind2=" ">
         <subfield code="a">unmediated</subfield>
         <subfield code="b">n</subfield>
         <subfield code="2">rdamedia</subfield>
      </datafield>
      <datafield tag="338" ind1=" " ind2=" ">
         <subfield code="a">volume</subfield>
         <subfield code="b">nc</subfield>
         <subfield code="2">rdacarrier</subfield>
      </datafield>
      <datafield tag="504" ind1=" " ind2=" ">
         <subfield code="a">Includes bibliographical references.</subfield>
      </datafield>
      <datafield tag="500" ind1=" " ind2=" ">
         <subfield code="a">Some articles also in German.</subfield>
      </datafield>
      <datafield tag="500" ind1=" " ind2=" ">
         <subfield code="a">Summary and contents also in English.</subfield>
      </datafield>
      <datafield tag="505" ind1="0" ind2="0">
         <subfield code="g">Table of contents (English):</subfield>
         <subfield code="g">[Part 1.]</subfield>
         <subfield code="t">Pantikapaion : The Capital Of The Bosporos.</subfield>
         <subfield code="t">Excavation of Pantikapaion in 1945 /</subfield>
         <subfield code="r">V.D. Blavatskiy --</subfield>
         <subfield code="t">Excavation of Pantikapaion in 1945 : the preservation Aspect (based on the archival material of the Eastern-Crimean Historical and Cultural Museum-Preserve) /</subfield>
         <subfield code="r">N.V. Bykovskaya --</subfield>
         <subfield code="t">Ancient Pantikapaion as the dominant historic-archaeological feature of the modern-day Kerch /</subfield>
         <subfield code="r">T.V. Umrikhina --</subfield>
         <subfield code="t">Proto-Corinthian Kotylai from the excavations of Pantikapaion /</subfield>
         <subfield code="r">O.Yu. Samar, N.S. Astashova --</subfield>
         <subfield code="t">East Greek Plates from the excavation of Pantikapaion : field seasons 2011–2014 /</subfield>
         <subfield code="r">O.V. Tugusheva --</subfield>
         <subfield code="t">Terracotta figurines of the Early Pantikapaion as votive gifts /</subfield>
         <subfield code="r">T.A. Ilyina, M.B. Muratova --</subfield>
         <subfield code="t">Black-glazed pottery of the 5th–4th centuries BC with incised and stamped ornament from the excavations of Pantikapaion /</subfield>
         <subfield code="r">T.V. Egorova --</subfield>
         <subfield code="t">Two new graffiti from Pantikapaion (from the archive of V.D. and T.V. Blavatskiy) /</subfield>
         <subfield code="r">N.V. Zavoikina.</subfield>
         <subfield code="g">[Part 2.]</subfield>
         <subfield code="t">The Bosporan Kingdom.</subfield>
         <subfield code="t">Once again on the "dugout period" in the early history of Greek colonies in the North Pontic region /</subfield>
         <subfield code="r">I.E. Surikov --</subfield>
         <subfield code="t">About one of the Archaic Burials from the Necropolis at the Cape Tuzla /</subfield>
         <subfield code="r">M.Yu. Vakhtina --</subfield>
         <subfield code="t">On the mercantile relations of the archaic Hermonassa /</subfield>
         <subfield code="r">S.I. Finogenova --</subfield>
         <subfield code="t">Fragmented black-figured krater of the 6th century BC from the Necropolis of Kytaion /</subfield>
         <subfield code="r">A.E. Petrakova, Z.V Khanutina, V.A. Khrshanovskiy --</subfield>
         <subfield code="t">Demeter in the sanctuary of Kytaion in the late 5th–4th centuries BC /</subfield>
         <subfield code="r">N.V. Moleva --</subfield>
         <subfield code="t">The "Upper-city" of Phanagoria : context N 815 /</subfield>
         <subfield code="r">A. Zavoikin --</subfield>
         <subfield code="t">A Herm from the Excavations of Phanagoria /</subfield>
         <subfield code="r">V.D. Kuznetsov --</subfield>
         <subfield code="t">Sindian King Hekataios /</subfield>
         <subfield code="r">V.A. Goroncharovskiy --</subfield>
         <subfield code="t">Once again on the 'Rescript of the unknown king' from the archive of the Coan temple of Asclepius : 1. The criticism of the 'Bosporan version' /</subfield>
         <subfield code="r">O.L. Gabelko.</subfield>
         <subfield code="5">NyNyUAW</subfield>
      </datafield>
      <datafield tag="505" ind1="8" ind2="0">
         <subfield code="g">[Part 3.]</subfield>
         <subfield code="t">Fortification and Warfare In The Pontic Area.</subfield>
         <subfield code="t">City walls of Tyritake during the Late Archaic period /</subfield>
         <subfield code="r">V.N. Zinko --</subfield>
         <subfield code="t">Military factor in the history of Chora of the ancient Bosporos /</subfield>
         <subfield code="r">A.A. Maslennikov --</subfield>
         <subfield code="t">Regarding the dating of the fortifications of the Akhtanizovskaya 4 settlement /</subfield>
         <subfield code="r">G.A. Lomtadze --</subfield>
         <subfield code="t">Fortifications of the fortress of Ak-Kaya in central Crimea (Hellenistic and Roman periods) /</subfield>
         <subfield code="r">Yu.P. Zaitsev --</subfield>
         <subfield code="t">Defensive ditches of Tanais in the 2nd–1st centuries BC /</subfield>
         <subfield code="r">S.M. Il'yashenko, T.M. Arsenieva, S.A. Naumenko --</subfield>
         <subfield code="t">Stone projectiles from the Roman fortress of Kharaks /</subfield>
         <subfield code="r">D.V. Zhuravlev, G.A. Kamelina.</subfield>
         <subfield code="g">[Part 4.]</subfield>
         <subfield code="t">Pontic Region.</subfield>
         <subfield code="t">Building techniques of archaic Berezan /</subfield>
         <subfield code="r">D.E. Chistov --</subfield>
         <subfield code="t">Early east Greek bowls from Berezan (2004–2014 seasons) /</subfield>
         <subfield code="r">Yu.I. Ilyina --</subfield>
         <subfield code="t">On a possible reconstruction of the 'Collegia' building in Olbia /</subfield>
         <subfield code="r">S.D. Kryzhitskiy --</subfield>
         <subfield code="t">On the question of Strabo's sources in his description of the north Pontic region /</subfield>
         <subfield code="r">A.V. Podosinov --</subfield>
         <subfield code="t">A lead seal of a Roman beneficiarius consularis from the vicinity of Tauric Chersonesus /</subfield>
         <subfield code="r">S.Yu. Saprykin, V.V. Doroschko --</subfield>
         <subfield code="t">New finds from Vani /</subfield>
         <subfield code="r">D. Kacharava --</subfield>
         <subfield code="t">Greaco-Achaemenid trends in southern Georgia (regarding the stratigraphy of Atskuri) /</subfield>
         <subfield code="r">V. Licheli.</subfield>
         <subfield code="g">[Part 5.]</subfield>
         <subfield code="t">Monuments of ancient art.</subfield>
         <subfield code="t">Marriage contract in the 'family scene' from the tomb of Heracles in Anapa /</subfield>
         <subfield code="r">L.I. Akimova --</subfield>
         <subfield code="t">One aspect of meaning of an image of hare in Graeco-Scythian Toreutics /</subfield>
         <subfield code="r">E.A. Molev --</subfield>
         <subfield code="t">Male torso from the collection of Lyde-Brown in the Hermitage /</subfield>
         <subfield code="r">L.I. Davydova --</subfield>
         <subfield code="t">Cuirassed warriors crowned by Nike in the Bosporan monumental art of the first centuries AD (or who is depicted in the reliefs from Panticapaeum and Tanais?) /</subfield>
         <subfield code="r">M.Yu. Treister --</subfield>
         <subfield code="t">Mosaiken aus der Villa des Tiberius in Capri /</subfield>
         <subfield code="r">V. Kästner, U. Kästner.</subfield>
         <subfield code="5">NyNyUAW</subfield>
      </datafield>
      <datafield tag="505" ind1="8" ind2="0">
         <subfield code="g">[Part 6.]</subfield>
         <subfield code="t">History of Scholarship.</subfield>
         <subfield code="t">Russian archaeologist F.I. Gross /</subfield>
         <subfield code="r">Yu. A. Vinogradov --</subfield>
         <subfield code="t">Ol'ga Ivanovna Bicz : materials for a biography /</subfield>
         <subfield code="r">I.V. Tunkina.</subfield>
         <subfield code="5">NyNyUAW</subfield>
      </datafield>
      <datafield tag="651" ind1=" " ind2="0">
         <subfield code="a">Cimmerian Bosporus (Kingdom)</subfield>
         <subfield code="x">Antiquities.</subfield>
      </datafield>
      <datafield tag="651" ind1=" " ind2="0">
         <subfield code="a">Cimmerian Bosporus (Kingdom)</subfield>
         <subfield code="x">Civilization.</subfield>
      </datafield>
      <datafield tag="700" ind1="1" ind2=" ">
         <subfield code="6">880-03</subfield>
         <subfield code="a">Zhuravlev, D. V.,</subfield>
         <subfield code="e">editor.</subfield>
      </datafield>
      <datafield tag="700" ind1="1" ind2=" ">
         <subfield code="a">Tolstikov, Vladimir P.,</subfield>
         <subfield code="e">honoree.</subfield>
      </datafield>
      <datafield tag="880" ind1="0" ind2="0">
         <subfield code="6">245-01/</subfield>
         <subfield code="a">С Mитридата дует вeтeр :</subfield>
         <subfield code="b">Бoспoр и Причерноморье в aнтичности; к 70-летию В. П. Toлстикова /</subfield>
         <subfield code="c">редакционная коллегия: Д.В. Журавлев.</subfield>
      </datafield>
      <datafield tag="880" ind1=" " ind2="1">
         <subfield code="6">264-02/</subfield>
         <subfield code="a">Москва :</subfield>
         <subfield code="b">Унивeрситет Дмитрия Пoжaрского,</subfield>
         <subfield code="c">2015.</subfield>
      </datafield>
      <datafield tag="880" ind1="1" ind2=" ">
         <subfield code="6">700-03/</subfield>
         <subfield code="a">Журавлев, Д. В.,</subfield>
         <subfield code="e">editor.</subfield>
      </datafield>
      <datafield tag="994" ind1=" " ind2=" ">
         <subfield code="a">Z0</subfield>
         <subfield code="b">ZYU</subfield>
      </datafield>
      <datafield tag="OWN" ind1=" " ind2=" ">
         <subfield code="a">GENERAL</subfield>
      </datafield>
      <datafield tag="AVA" ind1=" " ind2=" ">
         <subfield code="a">NYU50</subfield>
         <subfield code="b">NISAW</subfield>
         <subfield code="c">Large Collection</subfield>
         <subfield code="d">DF261.B7 S55 2015 Non-circulating</subfield>
         <subfield code="e">available</subfield>
         <subfield code="t">Available</subfield>
         <subfield code="f">1</subfield>
         <subfield code="g">0</subfield>
         <subfield code="h">N</subfield>
         <subfield code="i">0</subfield>
         <subfield code="j">LARGE</subfield>
         <subfield code="k">0</subfield>
      </datafield>
      <marc:datafield tag="852" ind1=" " ind2=" ">
         <marc:subfield code="b">Institute for the Study of the Ancient World, </marc:subfield>
         <marc:subfield code="c">Large Collection</marc:subfield>
         <marc:subfield code="e">15 East 84th St., </marc:subfield>
         <marc:subfield code="e">New York, NY  10028</marc:subfield>
      </marc:datafield>
   </record>