
  
  
  
  
  
  
  
 
  
  <record xsi:schemaLocation="http://www.loc.gov/MARC21/slim http://www.loc.gov/standards/marcxml/schema/MARC21slim.xsd">
      <leader>00000cam a22006134a 4500</leader>
      <controlfield tag="FMT">BK</controlfield>
      <controlfield tag="LDR">00000cam a22006134a 4500</controlfield>
      <controlfield tag="001">004463607</controlfield>
      <controlfield tag="003">OCoLC</controlfield>
      <controlfield tag="005">20160929154813.0</controlfield>
      <controlfield tag="008">160929s2006    fr a     b    101 0 eng c</controlfield>
      <datafield tag="020" ind1=" " ind2=" ">
         <subfield code="a">2701802016</subfield>
      </datafield>
      <datafield tag="020" ind1=" " ind2=" ">
         <subfield code="a">9782701802015</subfield>
      </datafield>
      <datafield tag="035" ind1=" " ind2=" ">
         <subfield code="a">(OCoLC)159954040</subfield>
      </datafield>
      <datafield tag="040" ind1=" " ind2=" ">
         <subfield code="a">TZT</subfield>
         <subfield code="b">eng</subfield>
         <subfield code="c">TZT</subfield>
         <subfield code="d">C3L</subfield>
         <subfield code="d">CGU</subfield>
         <subfield code="d">QE2</subfield>
         <subfield code="d">GEBAY</subfield>
         <subfield code="d">OCLCQ</subfield>
         <subfield code="d">OCLCO</subfield>
         <subfield code="d">OCLCA</subfield>
         <subfield code="d">OCLCQ</subfield>
         <subfield code="d">OCLCO</subfield>
         <subfield code="d">OCLCF</subfield>
         <subfield code="d">OCLCO</subfield>
         <subfield code="d">NNU</subfield>
      </datafield>
      <datafield tag="041" ind1="0" ind2=" ">
         <subfield code="a">eng</subfield>
         <subfield code="a">fre</subfield>
         <subfield code="a">ita</subfield>
      </datafield>
      <datafield tag="042" ind1=" " ind2=" ">
         <subfield code="a">pcc</subfield>
      </datafield>
      <datafield tag="043" ind1=" " ind2=" ">
         <subfield code="a">e-gr---</subfield>
         <subfield code="a">aw-----</subfield>
      </datafield>
      <datafield tag="050" ind1=" " ind2="4">
         <subfield code="a">P1038</subfield>
         <subfield code="b">.F583 2006</subfield>
      </datafield>
      <datafield tag="072" ind1=" " ind2="7">
         <subfield code="a">D</subfield>
         <subfield code="2">lcco</subfield>
      </datafield>
      <datafield tag="082" ind1="1" ind2="4">
         <subfield code="a">930</subfield>
         <subfield code="2">1</subfield>
      </datafield>
      <datafield tag="090" ind1=" " ind2=" ">
         <subfield code="a">HJ212</subfield>
         <subfield code="b">.F57 2006</subfield>
      </datafield>
      <datafield tag="245" ind1="0" ind2="0">
         <subfield code="a">Fiscality in Mycenaean and near eastern archives :</subfield>
         <subfield code="b">proceedings of the conference held at Soprintendenza archivistica per la Campania, Naples, 21-23 October 2004 /</subfield>
         <subfield code="c">a cura di Massimo Perna.</subfield>
      </datafield>
      <datafield tag="260" ind1=" " ind2=" ">
         <subfield code="a">Paris :</subfield>
         <subfield code="b">De Boccard,</subfield>
         <subfield code="c">2006.</subfield>
      </datafield>
      <datafield tag="300" ind1=" " ind2=" ">
         <subfield code="a">284 pages :</subfield>
         <subfield code="b">illustrations ;</subfield>
         <subfield code="c">30 cm.</subfield>
      </datafield>
      <datafield tag="336" ind1=" " ind2=" ">
         <subfield code="a">text</subfield>
         <subfield code="b">txt</subfield>
         <subfield code="2">rdacontent</subfield>
      </datafield>
      <datafield tag="337" ind1=" " ind2=" ">
         <subfield code="a">unmediated</subfield>
         <subfield code="b">n</subfield>
         <subfield code="2">rdamedia</subfield>
      </datafield>
      <datafield tag="338" ind1=" " ind2=" ">
         <subfield code="a">volume</subfield>
         <subfield code="b">nc</subfield>
         <subfield code="2">rdacarrier</subfield>
      </datafield>
      <datafield tag="490" ind1="1" ind2=" ">
         <subfield code="a">Studi egei e vicinorientali ;</subfield>
         <subfield code="v">3</subfield>
      </datafield>
      <datafield tag="504" ind1=" " ind2=" ">
         <subfield code="a">Includes bibliographical references and index.</subfield>
      </datafield>
      <datafield tag="505" ind1="0" ind2="0">
         <subfield code="t"/>
         <subfield code="t">Saluto di benvenuto /</subfield>
         <subfield code="r">Maria Rosaria de Divitiis --</subfield>
         <subfield code="t">Introduzione /</subfield>
         <subfield code="r">Massimo Perna --</subfield>
         <subfield code="t">In search of taxation in the Realm of Elba /</subfield>
         <subfield code="r">Alfonzo Archi --</subfield>
         <subfield code="t">À propos de la bureaucratie mycénienne /</subfield>
         <subfield code="r">Pierre Carlier --</subfield>
         <subfield code="t">An Analysis of the Find-Spots of the Pylos Ma Tablets /</subfield>
         <subfield code="r">Richard Firth --</subfield>
         <subfield code="t">Mycenaean fiscal vocabulary: oral or written tradition? /</subfield>
         <subfield code="r">Anna Margherita Jasink --</subfield>
         <subfield code="t">La fiscalité de la Babylonie achéménide /</subfield>
         <subfield code="r">Francis Joannés --</subfield>
         <subfield code="t">Indications of Minoan fiscal registrations /</subfield>
         <subfield code="r">Artemis Karnava --</subfield>
         <subfield code="t">Conscription and Corvée at Mycenaean Pylos /</subfield>
         <subfield code="r">John T. Killen --</subfield>
         <subfield code="t">Deities and Religious Personnel as Collectors /</subfield>
         <subfield code="r">Susan Lupack --</subfield>
         <subfield code="t">Il cosiddetto "regime delle offerte cultuali": mondo hittia e miceneo a confronto /</subfield>
         <subfield code="r">Massimiliano Marazzi --</subfield>
         <subfield code="t">Polanyi, Markets and Ancient Mesopotamia and Syria /</subfield>
         <subfield code="r">Diederik Meijer --</subfield>
         <subfield code="t">Riscossione dei tributi e accumulo dei beni nell'impero ittita /</subfield>
         <subfield code="r">Clelia Mora --</subfield>
         <subfield code="t">Modelli e forme di fiscalità nel Vicino Oriente Antico dell II millennio a.C. /</subfield>
         <subfield code="r">Paola Negri Scafa --</subfield>
         <subfield code="t">More Thoughts on the Mycenaean ta-ra-si-ja System /</subfield>
         <subfield code="r">Marie-Louise B. Nosch --</subfield>
         <subfield code="t">De "l'empire mycénien" et de sa nécéssaire fiscalité /</subfield>
         <subfield code="r">Jean-Pierre Olivier --</subfield>
         <subfield code="t">Les tablettes de la série Na de Pylos /</subfield>
         <subfield code="r">Massimo Perna --</subfield>
         <subfield code="t">L'economia palaziale micenea fra accumulazione e bancarotta /</subfield>
         <subfield code="r">Enrico Scafa --</subfield>
         <subfield code="t">Land and Taxation in the Old-Babylonian Period /</subfield>
         <subfield code="r">Cristina Simonetti --</subfield>
         <subfield code="t">Mycenaean mo-ra-qa /</subfield>
         <subfield code="r">Ruper J.E. Thompson --</subfield>
         <subfield code="t">The Mycenaean Fiscal Vocabulary /</subfield>
         <subfield code="r">Carlos Varias --</subfield>
         <subfield code="t">The Eyptian Example and the Macroeconomic Implications /</subfield>
         <subfield code="r">David A. Warburton --</subfield>
         <subfield code="t">L'impôt pesant sur la terre dans la société mycénienne: quelques réflexions /</subfield>
         <subfield code="r">Julien Zurbach.</subfield>
      </datafield>
      <datafield tag="650" ind1=" " ind2="0">
         <subfield code="a">Finance, Public</subfield>
         <subfield code="z">Greece</subfield>
         <subfield code="x">History</subfield>
         <subfield code="v">Congresses.</subfield>
      </datafield>
      <datafield tag="650" ind1=" " ind2="0">
         <subfield code="a">Finance, Public</subfield>
         <subfield code="z">Middle East</subfield>
         <subfield code="x">History</subfield>
         <subfield code="v">Congresses.</subfield>
      </datafield>
      <datafield tag="650" ind1=" " ind2="0">
         <subfield code="a">Archives</subfield>
         <subfield code="z">Middle East</subfield>
         <subfield code="v">Congresses.</subfield>
      </datafield>
      <datafield tag="650" ind1=" " ind2="0">
         <subfield code="a">Archives</subfield>
         <subfield code="z">Greece</subfield>
         <subfield code="z">Mycenae (Extinct city)</subfield>
         <subfield code="v">Congresses.</subfield>
      </datafield>
      <datafield tag="650" ind1=" " ind2="0">
         <subfield code="a">Inscriptions, Linear B</subfield>
         <subfield code="v">Congresses.</subfield>
      </datafield>
      <datafield tag="650" ind1=" " ind2="0">
         <subfield code="a">Civilization, Mycenaean</subfield>
         <subfield code="v">Congresses.</subfield>
      </datafield>
      <datafield tag="650" ind1=" " ind2="0">
         <subfield code="a">Akkadian language</subfield>
         <subfield code="v">Texts</subfield>
         <subfield code="v">Congresses.</subfield>
      </datafield>
      <datafield tag="650" ind1=" " ind2="7">
         <subfield code="a">Akkadian language.</subfield>
         <subfield code="2">fast</subfield>
         <subfield code="0">(OCoLC)fst00803982</subfield>
      </datafield>
      <datafield tag="650" ind1=" " ind2="7">
         <subfield code="a">Civilization, Mycenaean.</subfield>
         <subfield code="2">fast</subfield>
         <subfield code="0">(OCoLC)fst00863111</subfield>
      </datafield>
      <datafield tag="650" ind1=" " ind2="7">
         <subfield code="a">Finance, Public.</subfield>
         <subfield code="2">fast</subfield>
         <subfield code="0">(OCoLC)fst00924477</subfield>
      </datafield>
      <datafield tag="650" ind1=" " ind2="7">
         <subfield code="a">Inscriptions, Linear B.</subfield>
         <subfield code="2">fast</subfield>
         <subfield code="0">(OCoLC)fst00973911</subfield>
      </datafield>
      <datafield tag="651" ind1=" " ind2="7">
         <subfield code="a">Greece.</subfield>
         <subfield code="2">fast</subfield>
         <subfield code="0">(OCoLC)fst01208380</subfield>
      </datafield>
      <datafield tag="651" ind1=" " ind2="7">
         <subfield code="a">Middle East.</subfield>
         <subfield code="2">fast</subfield>
         <subfield code="0">(OCoLC)fst01241586</subfield>
      </datafield>
      <datafield tag="653" ind1=" " ind2=" ">
         <subfield code="a">Ancient history</subfield>
         <subfield code="a">Mycenaean archives</subfield>
         <subfield code="a">Taxation</subfield>
      </datafield>
      <datafield tag="655" ind1=" " ind2="7">
         <subfield code="a">Conference papers and proceedings.</subfield>
         <subfield code="2">fast</subfield>
         <subfield code="0">(OCoLC)fst01423772</subfield>
      </datafield>
      <datafield tag="655" ind1=" " ind2="7">
         <subfield code="a">History.</subfield>
         <subfield code="2">fast</subfield>
         <subfield code="0">(OCoLC)fst01411628</subfield>
      </datafield>
      <datafield tag="700" ind1="1" ind2=" ">
         <subfield code="a">Perna, Massimo.</subfield>
      </datafield>
      <datafield tag="830" ind1=" " ind2="0">
         <subfield code="a">Studi egei e vicinorientali ;</subfield>
         <subfield code="v">3.</subfield>
      </datafield>
      <datafield tag="994" ind1=" " ind2=" ">
         <subfield code="a">Z0</subfield>
         <subfield code="b">ZYU</subfield>
      </datafield>
      <datafield tag="OWN" ind1=" " ind2=" ">
         <subfield code="a">GENERAL</subfield>
      </datafield>
      <datafield tag="AVA" ind1=" " ind2=" ">
         <subfield code="a">NYU50</subfield>
         <subfield code="b">NISAW</subfield>
         <subfield code="c">Large Collection</subfield>
         <subfield code="d">HJ212 .F57 2006 Non-circulating</subfield>
         <subfield code="e">available</subfield>
         <subfield code="t">Available</subfield>
         <subfield code="f">1</subfield>
         <subfield code="g">0</subfield>
         <subfield code="h">N</subfield>
         <subfield code="i">0</subfield>
         <subfield code="j">LARGE</subfield>
         <subfield code="k">0</subfield>
      </datafield>
      <marc:datafield tag="852" ind1=" " ind2=" ">
         <marc:subfield code="b">Institute for the Study of the Ancient World, </marc:subfield>
         <marc:subfield code="c">Large Collection</marc:subfield>
         <marc:subfield code="e">15 East 84th St., </marc:subfield>
         <marc:subfield code="e">New York, NY  10028</marc:subfield>
      </marc:datafield>
   </record>