
  
  
  
  
  
  
  
  
 
  
  <record xsi:schemaLocation="http://www.loc.gov/MARC21/slim http://www.loc.gov/standards/marcxml/schema/MARC21slim.xsd">
      <leader>00000cam a2200589 i 4500</leader>
      <controlfield tag="FMT">BK</controlfield>
      <controlfield tag="LDR">00000cam a2200589 i 4500</controlfield>
      <controlfield tag="001">004463847</controlfield>
      <controlfield tag="003">OCoLC</controlfield>
      <controlfield tag="005">20160930130042.0</controlfield>
      <controlfield tag="008">160930s2013    ru a     b    000 0 ruso</controlfield>
      <datafield tag="010" ind1=" " ind2=" ">
         <subfield code="a">2014420369</subfield>
      </datafield>
      <datafield tag="020" ind1=" " ind2=" ">
         <subfield code="a">9785906045058</subfield>
      </datafield>
      <datafield tag="020" ind1=" " ind2=" ">
         <subfield code="a">5906045058</subfield>
      </datafield>
      <datafield tag="035" ind1=" " ind2=" ">
         <subfield code="a">(OCoLC)891495392</subfield>
      </datafield>
      <datafield tag="040" ind1=" " ind2=" ">
         <subfield code="a">DLC</subfield>
         <subfield code="b">eng</subfield>
         <subfield code="e">rda</subfield>
         <subfield code="c">DLC</subfield>
         <subfield code="d">OCLCO</subfield>
         <subfield code="d">NYP</subfield>
         <subfield code="d">OCLCF</subfield>
         <subfield code="d">OCLCA</subfield>
         <subfield code="d">NNU</subfield>
      </datafield>
      <datafield tag="041" ind1="0" ind2=" ">
         <subfield code="a">rus</subfield>
         <subfield code="b">eng</subfield>
      </datafield>
      <datafield tag="042" ind1=" " ind2=" ">
         <subfield code="a">pcc</subfield>
      </datafield>
      <datafield tag="043" ind1=" " ind2=" ">
         <subfield code="a">e-urk--</subfield>
         <subfield code="a">e-urr--</subfield>
      </datafield>
      <datafield tag="050" ind1="0" ind2="0">
         <subfield code="a">GN778.2.K63</subfield>
         <subfield code="b">K69 2013</subfield>
      </datafield>
      <datafield tag="066" ind1=" " ind2=" ">
         <subfield code="c">(N</subfield>
      </datafield>
      <datafield tag="100" ind1="1" ind2=" ">
         <subfield code="6">880-01</subfield>
         <subfield code="a">Kozenkova, V. I.</subfield>
         <subfield code="q">(Valentina Ivanovna)</subfield>
         <subfield code="e">author.</subfield>
      </datafield>
      <datafield tag="245" ind1="1" ind2="0">
         <subfield code="6">880-02</subfield>
         <subfield code="a">Kobanskai͡a kulʹtura i okruzhai͡ushchiĭ mir :</subfield>
         <subfield code="b">vzaimosvi͡azi, problemy sudʹby i sledov raznokulʹturnykh infilʹtrat͡siĭ v mestnoĭ srede = Koban culture and beyond : interdependencies, problems, and traces of multicultural infiltration in the local environment /</subfield>
         <subfield code="c">V.I. Kozenkova.</subfield>
      </datafield>
      <datafield tag="246" ind1="1" ind2=" ">
         <subfield code="i">English title page title:</subfield>
         <subfield code="a">Koban culture and beyond :</subfield>
         <subfield code="b">interdependencies, problems, and traces of multicultural infiltration in the local environment</subfield>
      </datafield>
      <datafield tag="264" ind1=" " ind2="1">
         <subfield code="6">880-03</subfield>
         <subfield code="a">Moskva :</subfield>
         <subfield code="b">Taus,</subfield>
         <subfield code="c">2013.</subfield>
      </datafield>
      <datafield tag="300" ind1=" " ind2=" ">
         <subfield code="a">173 pages, 78 pages of illustrations :</subfield>
         <subfield code="b">illustrations (some color) ;</subfield>
         <subfield code="c">30 cm</subfield>
      </datafield>
      <datafield tag="336" ind1=" " ind2=" ">
         <subfield code="a">text</subfield>
         <subfield code="b">txt</subfield>
         <subfield code="2">rdacontent</subfield>
      </datafield>
      <datafield tag="336" ind1=" " ind2=" ">
         <subfield code="a">still image</subfield>
         <subfield code="2">rdacontent</subfield>
      </datafield>
      <datafield tag="337" ind1=" " ind2=" ">
         <subfield code="a">unmediated</subfield>
         <subfield code="b">n</subfield>
         <subfield code="2">rdamedia</subfield>
      </datafield>
      <datafield tag="338" ind1=" " ind2=" ">
         <subfield code="a">volume</subfield>
         <subfield code="b">nc</subfield>
         <subfield code="2">rdacarrier</subfield>
      </datafield>
      <datafield tag="500" ind1=" " ind2=" ">
         <subfield code="a">Illustrations on lining papers.</subfield>
      </datafield>
      <datafield tag="504" ind1=" " ind2=" ">
         <subfield code="a">Includes bibliographical references (pages 145-162).</subfield>
      </datafield>
      <datafield tag="546" ind1=" " ind2=" ">
         <subfield code="a">Russian; resume in English.</subfield>
      </datafield>
      <datafield tag="650" ind1=" " ind2="0">
         <subfield code="a">Koban culture.</subfield>
      </datafield>
      <datafield tag="650" ind1=" " ind2="0">
         <subfield code="a">Bronze age</subfield>
         <subfield code="z">Russia (Federation)</subfield>
         <subfield code="z">Caucasus, Northern.</subfield>
      </datafield>
      <datafield tag="650" ind1=" " ind2="0">
         <subfield code="a">Bronze age</subfield>
         <subfield code="z">Caucasus, South.</subfield>
      </datafield>
      <datafield tag="650" ind1=" " ind2="0">
         <subfield code="a">Iron age</subfield>
         <subfield code="z">Russia (Federation)</subfield>
         <subfield code="z">Caucasus, Northern.</subfield>
      </datafield>
      <datafield tag="650" ind1=" " ind2="0">
         <subfield code="a">Iron age</subfield>
         <subfield code="z">Caucasus, South.</subfield>
      </datafield>
      <datafield tag="651" ind1=" " ind2="0">
         <subfield code="a">Caucasus, Northern (Russia)</subfield>
         <subfield code="x">Antiquities.</subfield>
      </datafield>
      <datafield tag="710" ind1="2" ind2=" ">
         <subfield code="6">880-04</subfield>
         <subfield code="a">Institut arkheologii (Rossiĭskai͡a akademii͡a nauk)</subfield>
         <subfield code="e">issuing body.</subfield>
      </datafield>
      <datafield tag="710" ind1="2" ind2=" ">
         <subfield code="6">880-05</subfield>
         <subfield code="a">Arkhivnoe upravlenie pravitelʹstva Chechenskoĭ Respubliki,</subfield>
         <subfield code="e">issuing body.</subfield>
      </datafield>
      <datafield tag="880" ind1="1" ind2=" ">
         <subfield code="6">100-01/</subfield>
         <subfield code="a">Козенкова, В. И.</subfield>
         <subfield code="q">(Вaлeнтинa Ивaнoвнa),</subfield>
         <subfield code="e">author.</subfield>
      </datafield>
      <datafield tag="880" ind1="1" ind2="0">
         <subfield code="6">245-02/</subfield>
         <subfield code="a">Кобанская культура и окружающий мир :</subfield>
         <subfield code="b">взаимосвязи, проблемы судьбы и следов разнокультурных инфильтраций в местной среде = Koban culture and beyond : interdependencies, problems, and traces of multicultural infiltration in the local environment /</subfield>
         <subfield code="c">В.И. Козенкова.</subfield>
      </datafield>
      <datafield tag="880" ind1=" " ind2="1">
         <subfield code="6">264-03/</subfield>
         <subfield code="a">Москва :</subfield>
         <subfield code="b">Таус,</subfield>
         <subfield code="c">2013.</subfield>
      </datafield>
      <datafield tag="880" ind1="2" ind2=" ">
         <subfield code="6">710-04/</subfield>
         <subfield code="a">Институт археологии (Rossiĭskai͡a akademii͡a nauk),</subfield>
         <subfield code="e">issuing body.</subfield>
      </datafield>
      <datafield tag="880" ind1="2" ind2=" ">
         <subfield code="6">710-05/</subfield>
         <subfield code="a">Архивное управление правительства Чеченской Республики,</subfield>
         <subfield code="e">issuing body.</subfield>
      </datafield>
      <datafield tag="994" ind1=" " ind2=" ">
         <subfield code="a">Z0</subfield>
         <subfield code="b">ZYU</subfield>
      </datafield>
      <datafield tag="OWN" ind1=" " ind2=" ">
         <subfield code="a">GENERAL</subfield>
      </datafield>
      <datafield tag="AVA" ind1=" " ind2=" ">
         <subfield code="a">NYU50</subfield>
         <subfield code="b">NISAW</subfield>
         <subfield code="c">Large Collection</subfield>
         <subfield code="d">GN778.2.K63 K69 2013 Non-circulating</subfield>
         <subfield code="e">available</subfield>
         <subfield code="t">Available</subfield>
         <subfield code="f">1</subfield>
         <subfield code="g">0</subfield>
         <subfield code="h">N</subfield>
         <subfield code="i">0</subfield>
         <subfield code="j">LARGE</subfield>
         <subfield code="k">0</subfield>
      </datafield>
      <marc:datafield tag="852" ind1=" " ind2=" ">
         <marc:subfield code="b">Institute for the Study of the Ancient World, </marc:subfield>
         <marc:subfield code="c">Large Collection</marc:subfield>
         <marc:subfield code="e">15 East 84th St., </marc:subfield>
         <marc:subfield code="e">New York, NY  10028</marc:subfield>
      </marc:datafield>
   </record>