
  
  
  
  
  
  
  
  
  
  
 
  
  <record xsi:schemaLocation="http://www.loc.gov/MARC21/slim http://www.loc.gov/standards/marcxml/schema/MARC21slim.xsd">
      <leader>00000cam a2200397 a 4500</leader>
      <controlfield tag="FMT">BK</controlfield>
      <controlfield tag="LDR">00000cam a2200397 a 4500</controlfield>
      <controlfield tag="001">003222795</controlfield>
      <controlfield tag="003">OCoLC</controlfield>
      <controlfield tag="005">20090522121549.0</controlfield>
      <controlfield tag="008">900904m19949999fr abef  b    000 0 fre d</controlfield>
      <datafield tag="020" ind1=" " ind2=" ">
         <subfield code="a">290743103X (v. 1)</subfield>
      </datafield>
      <datafield tag="020" ind1=" " ind2=" ">
         <subfield code="a">9782907431033 (v. 1)</subfield>
      </datafield>
      <datafield tag="035" ind1=" " ind2=" ">
         <subfield code="a">(OCoLC)33696932</subfield>
      </datafield>
      <datafield tag="040" ind1=" " ind2=" ">
         <subfield code="a">HLS</subfield>
         <subfield code="c">HLS</subfield>
         <subfield code="d">ORU</subfield>
         <subfield code="d">NNU</subfield>
      </datafield>
      <datafield tag="043" ind1=" " ind2=" ">
         <subfield code="a">ac-----</subfield>
      </datafield>
      <datafield tag="050" ind1=" " ind2="4">
         <subfield code="a">GN799.P4</subfield>
         <subfield code="b">R47 1994</subfield>
      </datafield>
      <datafield tag="245" ind1="0" ind2="0">
         <subfield code="a">Répertoire des pétroglyphes d'Asie centrale /</subfield>
         <subfield code="c">sous la direction de Jakov A. Sher et Henri-Paul Francfort.</subfield>
      </datafield>
      <datafield tag="260" ind1=" " ind2=" ">
         <subfield code="a">Paris :</subfield>
         <subfield code="b">Diffusion de Boccard,</subfield>
         <subfield code="c">1994-</subfield>
      </datafield>
      <datafield tag="300" ind1=" " ind2=" ">
         <subfield code="a">v. :</subfield>
         <subfield code="b">ill., maps, plans ;</subfield>
         <subfield code="c">30 cm.</subfield>
      </datafield>
      <datafield tag="490" ind1="1" ind2=" ">
         <subfield code="a">Mémoires de la Mission archéologique française en Asie centrale,</subfield>
         <subfield code="x">0989-5817 ;</subfield>
         <subfield code="v">t. 5</subfield>
      </datafield>
      <datafield tag="504" ind1=" " ind2=" ">
         <subfield code="a">Includes bibliographical references.</subfield>
      </datafield>
      <datafield tag="505" ind1="1" ind2="0">
         <subfield code="g">fasc. 1.</subfield>
         <subfield code="t">Sibérie du Sud 1: Oglakhty I-III, Russie, Khakassie /</subfield>
         <subfield code="r">Jakov A. Sher avec la collaboration de N. Blednova ... [et al.] --</subfield>
         <subfield code="g">fasc. 2.</subfield>
         <subfield code="t">Sibérie du Sud 2: Tepsej I-III, Ust'-Tuba I-VI (Russie, Khakassie) /</subfield>
         <subfield code="r">Natalia Blednova ... [et al.] --</subfield>
         <subfield code="g">fasc. 3.</subfield>
         <subfield code="t">Sibérie du Sud 3: Kalbak-Tash I (République de l'Altai) /</subfield>
         <subfield code="r">Vladimir D. Kubarev et Esther Jacobson --</subfield>
         <subfield code="g">fasc. 4.</subfield>
         <subfield code="t">Sibérie du Sud 4 --</subfield>
         <subfield code="g">fasc. 5.</subfield>
         <subfield code="t">Kazakhstan I --</subfield>
         <subfield code="g">fasc. 6.</subfield>
         <subfield code="t">Mongolie du Nord-ouest --</subfield>
         <subfield code="g">fasc. 7.</subfield>
         <subfield code="t">Mongolie du Nord-ouest, haut Tsagaan Gol</subfield>
      </datafield>
      <datafield tag="650" ind1=" " ind2="0">
         <subfield code="a">Petroglyphs</subfield>
         <subfield code="z">Asia, Central.</subfield>
      </datafield>
      <datafield tag="651" ind1=" " ind2="0">
         <subfield code="a">Asia, Central</subfield>
         <subfield code="x">Antiquities.</subfield>
      </datafield>
      <datafield tag="700" ind1="1" ind2=" ">
         <subfield code="a">Sher, Jakov A.</subfield>
      </datafield>
      <datafield tag="700" ind1="1" ind2=" ">
         <subfield code="a">Francfort, Henri Paul.</subfield>
      </datafield>
      <datafield tag="830" ind1=" " ind2="0">
         <subfield code="a">Mémoires de la Mission archéologique française en Asie centrale ;</subfield>
         <subfield code="v">t. 5.</subfield>
      </datafield>
      <datafield tag="994" ind1=" " ind2=" ">
         <subfield code="a">Z0</subfield>
         <subfield code="b">ZYU</subfield>
      </datafield>
      <datafield tag="OWN" ind1=" " ind2=" ">
         <subfield code="a">GENERAL</subfield>
      </datafield>
      <datafield tag="AVA" ind1=" " ind2=" ">
         <subfield code="a">NYU50</subfield>
         <subfield code="b">NISAW</subfield>
         <subfield code="c">Oversize Collection</subfield>
         <subfield code="d">GN799.P4 R47 Non-circulating</subfield>
         <subfield code="e">available</subfield>
         <subfield code="t">Available</subfield>
         <subfield code="f">9</subfield>
         <subfield code="g">0</subfield>
         <subfield code="h">Y</subfield>
         <subfield code="i">0</subfield>
         <subfield code="j">OVERZ</subfield>
         <subfield code="k">0</subfield>
      </datafield>
      <marc:datafield tag="852" ind1=" " ind2=" ">
         <marc:subfield code="b">Institute for the Study of the Ancient World, </marc:subfield>
         <marc:subfield code="c">Oversize Collection</marc:subfield>
         <marc:subfield code="e">15 East 84th St., </marc:subfield>
         <marc:subfield code="e">New York, NY  10028</marc:subfield>
      </marc:datafield>
   </record>
  
  
  
  
  
  
  
  
  
  
 </collection>
